<collection xmlns="http://www.loc.gov/MARC21/slim">
<record>
  <leader>01771nam0a2200349 i 450 </leader>
  <controlfield tag="001">IT\ICCU\CNCE\006824</controlfield>
  <controlfield tag="005">20070829000000.0</controlfield>
  <datafield tag="012" ind1=" " ind2=" ">
    <subfield code="a">usam s.su i.e- iuDa (3) 1588 (A)</subfield>
    <subfield code="2">fei</subfield>
  </datafield>
  <datafield tag="100" ind1=" " ind2=" ">
    <subfield code="a">19970101d1588        0itac0103    ba</subfield>
  </datafield>
  <datafield tag="101" ind1=" " ind2=" ">
    <subfield code="a">LAT</subfield>
  </datafield>
  <datafield tag="102" ind1=" " ind2=" ">
    <subfield code="a">IT</subfield>
  </datafield>
  <datafield tag="200" ind1="1" ind2=" ">
    <subfield code="a">Problemata quaeque in iure pontificio, ac Caesareo explanata. Percunctante Raphaelle Montorphano, &amp; Bonacossa i.c. respondente, intende lector, &amp; letaberis</subfield>
  </datafield>
  <datafield tag="210" ind1=" " ind2=" ">
    <subfield code="a">Mediolani</subfield>
    <subfield code="c">ex typographia Pacifici Pontii</subfield>
    <subfield code="d">1588</subfield>
  </datafield>
  <datafield tag="215" ind1=" " ind2=" ">
    <subfield code="a">\8!, 48 p.</subfield>
    <subfield code="d">8ʻ</subfield>
  </datafield>
  <datafield tag="620" ind1=" " ind2=" ">
    <subfield code="a">IT</subfield>
    <subfield code="d">Milano</subfield>
  </datafield>
  <datafield tag="700" ind1=" " ind2="1">
    <subfield code="a">Bonacossa,</subfield>
    <subfield code="b">Ippolito</subfield>
    <subfield code="3">IT\ICCU\CNCA\001828</subfield>
  </datafield>
  <datafield tag="702" ind1=" " ind2="1">
    <subfield code="a">Montorfani,</subfield>
    <subfield code="b">Raffaele</subfield>
    <subfield code="3">IT\ICCU\CNCA\001196</subfield>
  </datafield>
  <datafield tag="712" ind1="0" ind2="0">
    <subfield code="a">Da_Ponte, Pacifico</subfield>
    <subfield code="3">IT\ICCU\CNCT\000162</subfield>
    <subfield code="4">650</subfield>
  </datafield>
  <datafield tag="790" ind1=" " ind2="1">
    <subfield code="a">Buonacossa,</subfield>
    <subfield code="b">Ippolito</subfield>
    <subfield code="3">IT\ICCU\CNCA\015708</subfield>
    <subfield code="z">Bonacossa, Ippolito</subfield>
  </datafield>
  <datafield tag="790" ind1=" " ind2="1">
    <subfield code="a">Montorphanus,</subfield>
    <subfield code="b">Raphael</subfield>
    <subfield code="3">IT\ICCU\CNCA\021411</subfield>
    <subfield code="z">Montorfani, Raffaele</subfield>
  </datafield>
  <datafield tag="791" ind1="0" ind2="0">
    <subfield code="a">Pontius, Pacificus</subfield>
    <subfield code="3">IT\ICCU\CNCT\003713</subfield>
    <subfield code="z">Da_Ponte, Pacifico</subfield>
  </datafield>
  <datafield tag="791" ind1="0" ind2="0">
    <subfield code="a">Ponte, Pacifico da</subfield>
    <subfield code="3">IT\ICCU\CNCT\003714</subfield>
    <subfield code="z">Da_Ponte, Pacifico</subfield>
  </datafield>
  <datafield tag="791" ind1="0" ind2="0">
    <subfield code="a">Pontio, Pacifico</subfield>
    <subfield code="3">IT\ICCU\CNCT\004493</subfield>
    <subfield code="z">Da_Ponte, Pacifico</subfield>
  </datafield>
  <datafield tag="791" ind1="0" ind2="0">
    <subfield code="a">Ponticus, Pacificus</subfield>
    <subfield code="3">IT\ICCU\CNCT\004494</subfield>
    <subfield code="z">Da_Ponte, Pacifico</subfield>
  </datafield>
  <datafield tag="791" ind1="0" ind2="0">
    <subfield code="a">Ponzio, Pacifico</subfield>
    <subfield code="3">IT\ICCU\CNCT\004496</subfield>
    <subfield code="z">Da_Ponte, Pacifico</subfield>
  </datafield>
  <datafield tag="801" ind1=" " ind2="3">
    <subfield code="a">IT</subfield>
    <subfield code="b">ICCU</subfield>
    <subfield code="c">20201113</subfield>
  </datafield>
  <datafield tag="899" ind1=" " ind2=" ">
    <subfield code="a">Biblioteca Ambrosiana. Milano</subfield>
    <subfield code="1">MI0133</subfield>
    <subfield code="2">VBA 01</subfield>
  </datafield>
  <datafield tag="899" ind1=" " ind2=" ">
    <subfield code="a">Biblioteca nazionale Braidense. Milano</subfield>
    <subfield code="1">MI0185</subfield>
    <subfield code="2">MIL NB</subfield>
  </datafield>
  <datafield tag="899" ind1=" " ind2=" ">
    <subfield code="a">Biblioteca nazionale Vittorio Emanuele III. Napoli</subfield>
    <subfield code="1">NA0079</subfield>
    <subfield code="2">NAP BN</subfield>
  </datafield>
  <datafield tag="899" ind1=" " ind2=" ">
    <subfield code="a">Biblioteca nazionale Marciana. Venezia</subfield>
    <subfield code="1">VE0049</subfield>
    <subfield code="2">VEA BM</subfield>
  </datafield>
  <datafield tag="911" ind1=" " ind2=" ">
    <subfield code="a">Sul front.</subfield>
    <subfield code="9">IT\ICCU\CNCM\001973</subfield>
  </datafield>
  <datafield tag="921" ind1=" " ind2=" ">
    <subfield code="a">IT\ICCU\CNCM\001973</subfield>
    <subfield code="b">Fortuna (donna in mare su delfino con vela al vento).</subfield>
    <subfield code="c">U571</subfield>
    <subfield code="d">Dimensioni: 4,5 x 6,5</subfield>
    <subfield code="f">FORTUNA</subfield>
    <subfield code="f">DONNA</subfield>
    <subfield code="f">VELA</subfield>
    <subfield code="f">DELFINO</subfield>
    <subfield code="g">1588</subfield>
  </datafield>
</record>
</collection>
